
@Article{s140406229,
AUTHOR = {Casamassima, Filippo and Ferrari, Alberto and Milosevic, Bojan and Ginis, Pieter and Farella, Elisabetta and Rocchi, Laura},
TITLE = {A Wearable System for Gait Training in Subjects with Parkinsonâ€™s Disease},
JOURNAL = {Sensors},
VOLUME = {14},
YEAR = {2014},
NUMBER = {4},
PAGES = {6229},
URL = {http://www.mdpi.com/1424-8220/14/4/6229},
PubMedID = {24686731},
ISSN = {1424-8220},
DOI = {10.3390/s140406229}
}

@ARTICLE{7173053, 
author={Ferrari, A. and Ginis, P. and Hardegger, M. and Casamassima, F. and Rocchi, L. and Chiari, L.}, 
journal={Neural Systems and Rehabilitation Engineering, IEEE Transactions on}, 
title={A Mobile Kalman-Filter Based Solution for the Real-Time Estimation of Spatio-Temporal Gait Parameters}, 
year={2015}, 
volume={PP}, 
number={99}, 
pages={1-1}, 
keywords={Algorithm design and analysis;Estimation;Foot;Integrated circuits;Real-time systems;Sensors;Smart phones;Gait analysis;inertial sensors;sensor fusion}, 
doi={10.1109/TNSRE.2015.2457511}, 
ISSN={1534-4320}, 
month={},}

@ARTICLE{6127851, 
author={Fischer, Carl and Talkad Sukumar, Poorna and Hazas, Mike}, 
journal={Pervasive Computing, IEEE}, 
title={Tutorial: Implementing a Pedestrian Tracker Using Inertial Sensors}, 
year={2013}, 
volume={12}, 
number={2}, 
pages={17-27}, 
keywords={Accelerometers;Gyroscopes;Legged locomotion;Mobile radio mobility management;Navigation;Sensors;Tracking;Tutorials;Ubiquitous computing;Wearable computers;Accelerometers;Gyroscopes;Kalman filtering;Legged locomotion;Mobile radio mobility management;Navigation;Sensors;Tracking;Tutorials;Ubiquitous computing;Wearable computers;inertial navigation;pedestrian tracking;pervasive computing}, 
doi={10.1109/MPRV.2012.16}, 
ISSN={1536-1268}, 
month={April},}

@INPROCEEDINGS{5646936, 
author={Skog, I. and Nilsson, J.-O. and Handel, P.}, 
booktitle={Indoor Positioning and Indoor Navigation (IPIN), 2010 International Conference on}, 
title={Evaluation of zero-velocity detectors for foot-mounted inertial navigation systems}, 
year={2010}, 
pages={1-6}, 
keywords={acceleration measurement;indoor radio;inertial navigation;radionavigation;sensors;velocity measurement;SHOE;acceleration magnitude detector;acceleration moving variance detector;angular rate energy detector;foot mounted inertial navigation systems;generalized likelihood ratio test detector;pedestrian navigation system;zero velocity detector;Accuracy;Detectors;Footwear;Inertial navigation;Kalman filters;Noise}, 
doi={10.1109/IPIN.2010.5646936}, 
month={Sept},}


