@Article{s140406891,
AUTHOR = {Seel, Thomas and Raisch, Jörg and Schauer, Thomas},
TITLE = {IMU-Based Joint Angle Measurement for Gait Analysis},
JOURNAL = {Sensors},
VOLUME = {14},
YEAR = {2014},
NUMBER = {4},
PAGES = {6891},
URL = {http://www.mdpi.com/1424-8220/14/4/6891},
PubMedID = {24743160},
ISSN = {1424-8220},
DOI = {10.3390/s140406891}
}

@inproceedings{conf/IEEEcca/SeelSR12,
  added-at = {2013-01-10T00:00:00.000+0100},
  author = {Seel, Thomas and Schauer, Thomas and Raisch, Jörg},
  biburl = {http://www.bibsonomy.org/bibtex/23a01f55e61533f78daa47f3a3922a209/dblp},
  booktitle = {CCA},
  crossref = {conf/IEEEcca/2012},
  ee = {http://dx.doi.org/10.1109/CCA.2012.6402423},
  interhash = {5cd61467cde6e60f41b8c69579af0dfb},
  intrahash = {3a01f55e61533f78daa47f3a3922a209},
  isbn = {978-1-4673-4503-3},
  keywords = {dblp},
  pages = {45-49},
  publisher = {IEEE},
  timestamp = {2013-01-11T11:34:57.000+0100},
  title = {Joint axis and position estimation from inertial measurement data by exploiting kinematic constraints.},
  url = {http://dblp.uni-trier.de/db/conf/IEEEcca/IEEEcca2012.html#SeelSR12},
  year = 2012
}

@inproceedings{poornaGopi,
year={2014},
isbn={978-3-319-12639-5},
booktitle={Neural Information Processing},
volume={8835},
series={Lecture Notes in Computer Science},
editor={Loo, ChuKiong and Yap, KeemSiah and Wong, KokWai and Teoh, Andrew and Huang, Kaizhu},
doi={10.1007/978-3-319-12640-1_43},
title={Human Activity Recognition by Matching Curve Shapes},
url={http://dx.doi.org/10.1007/978-3-319-12640-1_43},
publisher={Springer International Publishing},
keywords={Activity Recognition; Cubic B-splines; Arc-Length Para-metrization; Curve Comparison},
author={Talkad Sukumar, Poorna and Gopinath, K.},
pages={352-360},
language={English}
}

